@inproceedings{Brown,
  author={R. W. Brown},
  title={Autorating: Getting Individual Marks from Team Marks and Enhancing Teamwork},
  booktitle={Proceedings of Frontiers in Education Conference},
  year = {1995},
  pages = {15--18}
}

@article{KaufmanEtAl,
  author = {Deborah B. Kaufman and Richard M. Felder and Hugh Fuller},
  title = {Accounting for Individual Effort in Cooperative Learning Teams},
  journal = {Journal of Engineering Education},
  volume = {89},
  number = {2},
  pages = {133--140},
  year = {2000}
}